@misc{aleixj,
	author = {aleixj},
	title = {Automated greenhouse with Arduino},
	howpublished = {\url{https://projecthub.arduino.cc/aleixj/automated-greenhouse-with-arduino-974338}},
	year = {2020},
	month = {December},
	day = {20},
	note = {Accessed: 2024-11-20}
}
@misc{sgarro,
	author = {Sgarro and christian26},
	title = {Greenhouse},
	howpublished = {\url{https://projecthub.arduino.cc/Sgarro/greenhouse-f6fc53}},
	year = {2019},
	month = {December},
	day = {10},
	note = {Accessed: 2024-11-20}
}
@misc{ejsh,
	author = {ejshea},
	title = {Displaying Temperature and Humidity on an LCD},
	howpublished = {\url{https://projecthub.arduino.cc/ejshea/displaying-temperature-and-humidity-on-an-lcd-91bc36}},
	year = {2019},
	month = {July},
	day = {19},
	note = {Accessed: 2024-11-20}
}
